@inproceedings{lloyd-cops-11,
 author = {Lloyd, Wyatt and Freedman, Michael J. and Kaminsky, Michael and Andersen, David G.},
 title = {Don'T Settle for Eventual: Scalable Causal Consistency for Wide-area Storage with COPS},
 booktitle = {Proceedings of the Twenty-Third ACM Symposium on Operating Systems Principles},
 series = {SOSP '11},
 year = {2011},
 pages = {401--416},
 publisher = {ACM},
} 
